% Encoding: UTF-8

@Book{martel2004guia,
  title     = {Gu{\'\i}a r{\'a}pida para el nuevo usuario de LATEX},
  publisher = {Juan Carlos Mart{\'\i}nez Coll},
  year      = {2004},
  author    = {Martel, Eugenio Fedriani},
}

@InCollection{gianturco2012migracion,
  author    = {Gianturco, Giovanna},
  title     = {Migraci{\'o}n internacional y biograf{\'\i}as multiespaciales: una reflexi{\'o}n metodol{\'o}gica},
  booktitle = {M{\'e}todos cualitativos y su aplicaci{\'o}n emp{\'\i}rica. Por los caminos de la investigaci{\'o}n sobre migraci{\'o}n internacional},
  publisher = {Instituto de Investigaciones Sociales-UNAM y El Co},
  year      = {2012},
}

@TechReport{zuber1959hydrodynamic,
  author      = {Zuber, Novak},
  title       = {Hydrodynamic aspects of boiling heat transfer (thesis)},
  institution = {Ramo-Wooldridge Corp., Los Angeles, CA (United States); Univ. of California, Los Angeles, CA (United States)},
  year        = {1959},
}

@InProceedings{alarcon2010publicaciones,
  author       = {Alarc{\'o}n-Villaverde, Jorge and Roman{\'\i}, Franco and Guti{\'e}rrez, C{\'e}sar},
  title        = {Publicaciones cient{\'\i}ficas estudiantiles producidas en el curso de Epidemiolog{\'\i}a de la Facultad de Medicina de la Universidad Nacional Mayor de San Marcos durante el periodo 2003-2009},
  booktitle    = {Anales de la Facultad de Medicina},
  year         = {2010},
  volume       = {71},
  number       = {2},
  pages        = {111--116},
  organization = {UNMSM. Facultad de Medicina},
}

@Article{li1975bases,
  author  = {Li, TY and Yorke, JA},
  title   = {Bases de datos bibliogr{\'a}ficos, LATEX y el idioma espanol},
  journal = {American Mathematical Monthly},
  year    = {1975},
  volume  = {82},
  pages   = {985--992},
}

@Comment{jabref-meta: databaseType:bibtex;}
