% Encoding: UTF-8

@ARTICLE{Calderbank,
  author= {Calderbank, A. R. and Hammons Jr, A. R. and Kumar, P. V. and Sloane, N. J. A. and Sole, P.},
  title ={{A} {L}inear {C}onstruction for {C}ertain {K}erdock and {P}reparata {C}odes},
  journal= {American Mathematical Society},
  year ={1993},
  volume= {29},
  pages ={218--222},
  number= {2},
}

@ARTICLE{Conway,
  author= {Conway, J. H. and Sloane, N. J. A.},
  title ={{S}elf-dual codes over the integers modulo 4},
  journal= {J.Combin. Theory Ser. A.},
  year ={1993},
  volume= {62},
  pages ={30--45},
  number= {1},
}

@ARTICLE{Honold,
  author= {Honold, T.},
  title ={{C}haracterization of finite frobenius rings},
  journal= {Archiv der Mathematik},
  year ={2001},
  volume= {76},
  pages ={406--415},
}

@BOOK{Ling,
  title ={Coding Theory, A First Course},
  publisher={Cambridge University Press},
  year ={2004},
  author= {Ling, S. and Xing, Ch.},
}

@ARTICLE{Pless,
  author= {Pless, V. and Qian, Z.},
  title ={{C}yclic codes and quadratic residue codes over {$Z_{4}$}},
  journal= {Information Theory, {IEEE} Transactions on},
  year ={1996},
  volume= {42},
  pages ={1594--1600},
  number= {5},
}

@ARTICLE{Qian,
  author= {Pless, V. and Sol\'e, P. and Qian, Z.},
  title ={{C}yclic {S}elf-{D}ual {$Z_{4}$}-{C}odes},
  journal= {Finite Fields and Their Applications},
  year ={1997},
  volume= {3},
  pages ={48--69},
  number= {1},
}

@BOOK{Lint,
  title={Introduction to Coding Theory},
  publisher={Springer, $3^{a}$ edici\'on},
  author={van Lint, J. H.},
  year={1999},
}